<?xml version="1.0" encoding="UTF-8"?><collection xmlns="http://www.loc.gov/MARC21/slim"><record><leader>00473nam--2200181-i-4500</leader><controlfield tag="001">000019615</controlfield><controlfield tag="002">20161230</controlfield><controlfield tag="005">20161230201033</controlfield><controlfield tag="008">060222s1000------------r-----000-0-rum-d</controlfield><datafield ind1=" " ind2=" " tag="040"><subfield code="a">rum</subfield></datafield><datafield ind1=" " ind2=" " tag="041"><subfield code="a">IFIN-HH</subfield></datafield><datafield ind1=" " ind2=" " tag="080"><subfield code="a">539.1</subfield></datafield><datafield ind1="1" ind2=" " tag="100"><subfield code="a">Oncescu, Mircea</subfield></datafield><datafield ind1="1" ind2="0" tag="245"><subfield code="a">Calculul dozelor si al protectiei</subfield><subfield code="c">Mircea oncescu</subfield></datafield><datafield ind1=" " ind2=" " tag="260"><subfield code="a">Bucuresti</subfield><subfield code="b">Centrul National De Fizica</subfield><subfield code="c">/F.A.</subfield></datafield><datafield ind1=" " ind2=" " tag="300"><subfield code="a">68P</subfield></datafield><datafield ind1=" " ind2=" " tag="852"><subfield code="a">28443</subfield><subfield code="c">539.1.07:539.1.08</subfield></datafield><datafield ind1=" " ind2=" " tag="CAT"><subfield code="a">Sys</subfield><subfield code="c">20111017</subfield><subfield code="h">092923</subfield></datafield></record></collection>